<?xml version="1.0" encoding="UTF-8"?><collection xmlns="http://www.loc.gov/MARC21/slim"><record><leader>00478nam--2200181-u-4500</leader><controlfield tag="001">000052963</controlfield><controlfield tag="002">20161230</controlfield><controlfield tag="005">20161230201050</controlfield><controlfield tag="008">101216s1000------------r-----000-0-rus-d</controlfield><datafield ind1=" " ind2=" " tag="040"><subfield code="a">IFIN-HH</subfield></datafield><datafield ind1=" " ind2=" " tag="041"><subfield code="a">rus</subfield></datafield><datafield ind1="1" ind2=" " tag="110"><subfield code="a">Societa Italiana Di Fisica</subfield></datafield><datafield ind1="1" ind2="0" tag="245"><subfield code="a">Nelineinaia spektroskopia</subfield></datafield><datafield ind1=" " ind2=" " tag="260"><subfield code="a">Moskva</subfield><subfield code="b">Mir</subfield><subfield code="c">1979</subfield></datafield><datafield ind1=" " ind2=" " tag="300"><subfield code="a">586P</subfield></datafield><datafield ind1=" " ind2=" " tag="500"><subfield code="a">Titlul original in limba italiana: SPETTROSCOPIA NON LINEARE</subfield></datafield><datafield ind1=" " ind2=" " tag="852"><subfield code="a">48029</subfield><subfield code="c">535.33</subfield></datafield><datafield ind1=" " ind2=" " tag="CAT"><subfield code="a">Sys</subfield><subfield code="c">20101216</subfield><subfield code="h">113011</subfield></datafield></record></collection>